
@article{Farkas-AFP,
  author  = {Ralph Bottesch and Max W. Haslbeck and René Thiemann},
  title   = {Farkas' Lemma and {M}otzkin's Transposition Theorem},
  journal = {Archive of Formal Proofs},
  month   = {January},
  year    = {2019},
  note    = {\url{https://isa-afp.org/entries/Farkas.html},
             Formal proof development},
  ISSN    = {2150-914x},
}

@article{Linear-AFP,
  author  = {Ralph Bottesch and Alban Reynaud and René Thiemann},
  title   = {Linear Inequalities},
  journal = {Archive of Formal Proofs},
  month   = {June},
  year    = {2019},
  note    = {\url{https://isa-afp.org/entries/Linear\_Inequalities.html},
             Formal proof development},
  ISSN    = {2150-914x},
}

@article{Duality-AFP,
  author  = {René Thiemann},
  title   = {Duality of Linear Programming},
  journal = {Archive of Formal Proofs},
  month   = {February},
  year    = {2022},
  note    = {\url{https://isa-afp.org/entries/LP\_Duality.html},
             Formal proof development},
  ISSN    = {2150-914x},
}

@misc{Simplex-Coq,
      title={A formalization of convex polyhedra based on the simplex method}, 
      author={Xavier Allamigeon and Ricardo D. Katz},
      year={2018},
      eprint={1706.10269},
      archivePrefix={arXiv},
      primaryClass={cs.LO},
      url={https://arxiv.org/abs/1706.10269}, 
}

@misc{DivBy0,
  title = {Division by zero in type theory: a {FAQ}},
  howpublished = {\url{https://xenaproject.wordpress.com/2020/07/05/division-by-zero-in-type-theory-a-faq/}},
  note = {Accessed: 2014-08-28}
}

@article{Believe,
  title = {How to Believe a Machine-Checked Proof},
  volume = {4},
  ISSN = {0909-0878},
  url = {http://dx.doi.org/10.7146/brics.v4i18.18945},
  DOI = {10.7146/brics.v4i18.18945},
  number = {18},
  journal = {BRICS Report Series},
  publisher = {Det Kgl. Bibliotek/Royal Danish Library},
  author = {Pollack,  Robert},
  year = {1997},
  month = jan 
}

@inproceedings{Aesop,
  series = {CPP ’23},
  title = {Aesop: White-Box Best-First Proof Search for {Lean}},
  url = {http://dx.doi.org/10.1145/3573105.3575671},
  DOI = {10.1145/3573105.3575671},
  booktitle = {Proceedings of the 12th ACM SIGPLAN International Conference on Certified Programs and Proofs},
  publisher = {ACM},
  author = {Limperg,  Jannis and From,  Asta Halkjær},
  year = {2023},
  month = jan,
  collection = {CPP ’23}
}

@article{FarkasOrig,
  title={A Fourier-f{\'e}le mechanikai elv alkalmaz{\'a}sai},
  author={Farkas, Gy{\"o}rgy},
  journal={Mathematikai{\'e}s Term{\'e}szettudom{\'a}nyi {\'E}rtesit{\"o}},
  volume={12},
  pages={457--472},
  year={1894}
}

@article{Chernikov,
  title={Linear Inequalities},
  author={Chernikov, Sergei Nikolaevich},
  journal={Nauka},
  year={1968}
}

@article{Bartl2007,
  title = {Farkas’ Lemma,  other theorems of the alternative,  and linear programming in infinite-dimensional spaces: a purely linear-algebraic approach},
  volume = {55},
  ISSN = {1563-5139},
  url = {http://dx.doi.org/10.1080/03081080600967820},
  DOI = {10.1080/03081080600967820},
  number = {4},
  journal = {Linear and Multilinear Algebra},
  publisher = {Informa UK Limited},
  author = {Bartl,  David},
  year = {2007},
  month = jul,
  pages = {327–353}
}

@article{Bartl2011,
  title = {A very short algebraic proof of the Farkas Lemma},
  volume = {75},
  ISSN = {1432-5217},
  url = {http://dx.doi.org/10.1007/s00186-011-0377-y},
  DOI = {10.1007/s00186-011-0377-y},
  number = {1},
  journal = {Mathematical Methods of Operations Research},
  publisher = {Springer Science and Business Media LLC},
  author = {Bartl,  David},
  year = {2011},
  month = dec,
  pages = {101–104}
}
